%YAML 1.1
%TAG !u! tag:unity3d.com,2011:
--- !u!91 &9100000
AnimatorController:
  m_ObjectHideFlags: 0
  m_PrefabParentObject: {fileID: 0}
  m_PrefabInternal: {fileID: 0}
  m_Name: WorkerController
  serializedVersion: 2
  m_AnimatorParameters:
  - m_Name: animationState
    m_Type: 3
    m_DefaultFloat: 0
    m_DefaultInt: 0
    m_DefaultBool: 0
    m_Controller: {fileID: 9100000}
  - m_Name: shoot
    m_Type: 9
    m_DefaultFloat: 0
    m_DefaultInt: 0
    m_DefaultBool: 0
    m_Controller: {fileID: 9100000}
  m_AnimatorLayers:
  - serializedVersion: 3
    m_Name: Base Layer
    m_StateMachine: {fileID: 110700000}
    m_Mask: {fileID: 0}
    m_BlendingMode: 0
    m_SyncedLayerIndex: -1
    m_StateMachineMotionSetIndex: 0
    m_DefaultWeight: 0
    m_IKPass: 0
    m_SyncedLayerAffectsTiming: 0
    m_Controller: {fileID: 9100000}
--- !u!1101 &110100000
Transition:
  m_ObjectHideFlags: 3
  m_PrefabParentObject: {fileID: 0}
  m_PrefabInternal: {fileID: 0}
  m_Name: 
  m_SrcState: {fileID: 110289214}
  m_DstState: {fileID: 110200000}
  m_TransitionDuration: .352941155
  m_TransitionOffset: 0
  m_Conditions:
  - m_ConditionMode: 6
    m_ConditionEvent: animationState
    m_EventTreshold: 1
    m_ExitTime: .647058845
  - m_ConditionMode: 5
    m_ConditionEvent: animationState
    m_EventTreshold: 1
    m_ExitTime: .649999976
  m_Atomic: 1
  m_Solo: 0
  m_Mute: 0
--- !u!1101 &110106516
Transition:
  m_ObjectHideFlags: 3
  m_PrefabParentObject: {fileID: 0}
  m_PrefabInternal: {fileID: 0}
  m_Name: 
  m_SrcState: {fileID: 110200000}
  m_DstState: {fileID: 110271395}
  m_TransitionDuration: .200000003
  m_TransitionOffset: 0
  m_Conditions:
  - m_ConditionMode: 6
    m_ConditionEvent: animationState
    m_EventTreshold: 0
    m_ExitTime: .800000012
  m_Atomic: 1
  m_Solo: 0
  m_Mute: 0
--- !u!1101 &110112207
Transition:
  m_ObjectHideFlags: 3
  m_PrefabParentObject: {fileID: 0}
  m_PrefabInternal: {fileID: 0}
  m_Name: 
  m_SrcState: {fileID: 110200000}
  m_DstState: {fileID: 110289214}
  m_TransitionDuration: .200000003
  m_TransitionOffset: 0
  m_Conditions:
  - m_ConditionMode: 1
    m_ConditionEvent: shoot
    m_EventTreshold: 2
    m_ExitTime: .800000012
  m_Atomic: 1
  m_Solo: 0
  m_Mute: 0
--- !u!1101 &110142641
Transition:
  m_ObjectHideFlags: 3
  m_PrefabParentObject: {fileID: 0}
  m_PrefabInternal: {fileID: 0}
  m_Name: 
  m_SrcState: {fileID: 110289214}
  m_DstState: {fileID: 110271395}
  m_TransitionDuration: .352941155
  m_TransitionOffset: 0
  m_Conditions:
  - m_ConditionMode: 6
    m_ConditionEvent: animationState
    m_EventTreshold: 0
    m_ExitTime: .647058845
  - m_ConditionMode: 5
    m_ConditionEvent: animationState
    m_EventTreshold: 0
    m_ExitTime: .649999976
  m_Atomic: 1
  m_Solo: 0
  m_Mute: 0
--- !u!1101 &110144085
Transition:
  m_ObjectHideFlags: 3
  m_PrefabParentObject: {fileID: 0}
  m_PrefabInternal: {fileID: 0}
  m_Name: 
  m_SrcState: {fileID: 110271395}
  m_DstState: {fileID: 110289214}
  m_TransitionDuration: .200000003
  m_TransitionOffset: 0
  m_Conditions:
  - m_ConditionMode: 1
    m_ConditionEvent: shoot
    m_EventTreshold: 2
    m_ExitTime: .800000012
  m_Atomic: 1
  m_Solo: 0
  m_Mute: 0
--- !u!1101 &110149754
Transition:
  m_ObjectHideFlags: 3
  m_PrefabParentObject: {fileID: 0}
  m_PrefabInternal: {fileID: 0}
  m_Name: 
  m_SrcState: {fileID: 110289214}
  m_DstState: {fileID: 110295490}
  m_TransitionDuration: .315789461
  m_TransitionOffset: 0
  m_Conditions:
  - m_ConditionMode: 6
    m_ConditionEvent: animationState
    m_EventTreshold: 3
    m_ExitTime: .684210539
  - m_ConditionMode: 5
    m_ConditionEvent: animationState
    m_EventTreshold: 3
    m_ExitTime: .680000007
  m_Atomic: 1
  m_Solo: 0
  m_Mute: 0
--- !u!1101 &110150172
Transition:
  m_ObjectHideFlags: 3
  m_PrefabParentObject: {fileID: 0}
  m_PrefabInternal: {fileID: 0}
  m_Name: 
  m_SrcState: {fileID: 110295490}
  m_DstState: {fileID: 110271395}
  m_TransitionDuration: .315789461
  m_TransitionOffset: 0
  m_Conditions:
  - m_ConditionMode: 6
    m_ConditionEvent: animationState
    m_EventTreshold: 0
    m_ExitTime: .684210539
  m_Atomic: 1
  m_Solo: 0
  m_Mute: 0
--- !u!1101 &110168670
Transition:
  m_ObjectHideFlags: 3
  m_PrefabParentObject: {fileID: 0}
  m_PrefabInternal: {fileID: 0}
  m_Name: 
  m_SrcState: {fileID: 110200000}
  m_DstState: {fileID: 110295490}
  m_TransitionDuration: .260869563
  m_TransitionOffset: 0
  m_Conditions:
  - m_ConditionMode: 6
    m_ConditionEvent: animationState
    m_EventTreshold: 3
    m_ExitTime: .739130437
  m_Atomic: 1
  m_Solo: 0
  m_Mute: 0
--- !u!1101 &110170697
Transition:
  m_ObjectHideFlags: 3
  m_PrefabParentObject: {fileID: 0}
  m_PrefabInternal: {fileID: 0}
  m_Name: 
  m_SrcState: {fileID: 110295490}
  m_DstState: {fileID: 110200000}
  m_TransitionDuration: .315789461
  m_TransitionOffset: 0
  m_Conditions:
  - m_ConditionMode: 6
    m_ConditionEvent: animationState
    m_EventTreshold: 1
    m_ExitTime: .684210539
  m_Atomic: 1
  m_Solo: 0
  m_Mute: 0
--- !u!1101 &110180076
Transition:
  m_ObjectHideFlags: 3
  m_PrefabParentObject: {fileID: 0}
  m_PrefabInternal: {fileID: 0}
  m_Name: 
  m_SrcState: {fileID: 110271395}
  m_DstState: {fileID: 110295490}
  m_TransitionDuration: .15384616
  m_TransitionOffset: 0
  m_Conditions:
  - m_ConditionMode: 6
    m_ConditionEvent: animationState
    m_EventTreshold: 3
    m_ExitTime: .846153855
  m_Atomic: 1
  m_Solo: 0
  m_Mute: 0
--- !u!1101 &110195878
Transition:
  m_ObjectHideFlags: 3
  m_PrefabParentObject: {fileID: 0}
  m_PrefabInternal: {fileID: 0}
  m_Name: 
  m_SrcState: {fileID: 110295490}
  m_DstState: {fileID: 110289214}
  m_TransitionDuration: .315789461
  m_TransitionOffset: 0
  m_Conditions:
  - m_ConditionMode: 1
    m_ConditionEvent: shoot
    m_EventTreshold: 2
    m_ExitTime: .684210539
  m_Atomic: 1
  m_Solo: 0
  m_Mute: 0
--- !u!1101 &110196619
Transition:
  m_ObjectHideFlags: 3
  m_PrefabParentObject: {fileID: 0}
  m_PrefabInternal: {fileID: 0}
  m_Name: 
  m_SrcState: {fileID: 110271395}
  m_DstState: {fileID: 110200000}
  m_TransitionDuration: .200000003
  m_TransitionOffset: 0
  m_Conditions:
  - m_ConditionMode: 6
    m_ConditionEvent: animationState
    m_EventTreshold: 1
    m_ExitTime: .800000012
  m_Atomic: 1
  m_Solo: 0
  m_Mute: 0
--- !u!1102 &110200000
State:
  m_ObjectHideFlags: 3
  m_PrefabParentObject: {fileID: 0}
  m_PrefabInternal: {fileID: 0}
  m_Name: Move
  m_Speed: 1
  m_CycleOffset: 0
  m_Motions:
  - {fileID: 7400004, guid: 5bacb1c4a5e9f4a5ba9965cf897bfa1b, type: 3}
  m_ParentStateMachine: {fileID: 110700000}
  m_Position: {x: 504, y: 12, z: 0}
  m_IKOnFeet: 0
  m_Mirror: 0
  m_Tag: 
--- !u!1102 &110271395
State:
  m_ObjectHideFlags: 3
  m_PrefabParentObject: {fileID: 0}
  m_PrefabInternal: {fileID: 0}
  m_Name: Idle
  m_Speed: 1
  m_CycleOffset: 0
  m_Motions:
  - {fileID: 7400002, guid: 5bacb1c4a5e9f4a5ba9965cf897bfa1b, type: 3}
  m_ParentStateMachine: {fileID: 110700000}
  m_Position: {x: 204, y: -72, z: 0}
  m_IKOnFeet: 0
  m_Mirror: 0
  m_Tag: 
--- !u!1102 &110289214
State:
  m_ObjectHideFlags: 3
  m_PrefabParentObject: {fileID: 0}
  m_PrefabInternal: {fileID: 0}
  m_Name: Shoot
  m_Speed: 1
  m_CycleOffset: 0
  m_Motions:
  - {fileID: 7400006, guid: 5bacb1c4a5e9f4a5ba9965cf897bfa1b, type: 3}
  m_ParentStateMachine: {fileID: 110700000}
  m_Position: {x: 216, y: 120, z: 0}
  m_IKOnFeet: 0
  m_Mirror: 0
  m_Tag: 
--- !u!1102 &110295490
State:
  m_ObjectHideFlags: 3
  m_PrefabParentObject: {fileID: 0}
  m_PrefabInternal: {fileID: 0}
  m_Name: Working
  m_Speed: 1
  m_CycleOffset: 0
  m_Motions:
  - {fileID: 7400008, guid: 5bacb1c4a5e9f4a5ba9965cf897bfa1b, type: 3}
  m_ParentStateMachine: {fileID: 110700000}
  m_Position: {x: 516, y: 132, z: 0}
  m_IKOnFeet: 0
  m_Mirror: 0
  m_Tag: 
--- !u!1107 &110700000
StateMachine:
  serializedVersion: 2
  m_ObjectHideFlags: 3
  m_PrefabParentObject: {fileID: 0}
  m_PrefabInternal: {fileID: 0}
  m_Name: Base Layer
  m_DefaultState: {fileID: 110271395}
  m_States:
  - {fileID: 110200000}
  - {fileID: 110271395}
  - {fileID: 110289214}
  - {fileID: 110295490}
  m_ChildStateMachine: []
  m_ChildStateMachinePosition: []
  m_OrderedTransitions:
    data:
      first: {fileID: 110295490}
      second:
      - {fileID: 110195878}
      - {fileID: 110170697}
      - {fileID: 110150172}
    data:
      first: {fileID: 0}
      second: []
    data:
      first: {fileID: 110200000}
      second:
      - {fileID: 110106516}
      - {fileID: 110112207}
      - {fileID: 110168670}
    data:
      first: {fileID: 110271395}
      second:
      - {fileID: 110144085}
      - {fileID: 110196619}
      - {fileID: 110180076}
    data:
      first: {fileID: 110289214}
      second:
      - {fileID: 110100000}
      - {fileID: 110142641}
      - {fileID: 110149754}
  m_MotionSetCount: 1
  m_AnyStatePosition: {x: 50, y: 20, z: 0}
  m_ParentStateMachinePosition: {x: 800, y: 20, z: 0}
